@book{shavit,
    title = {The Art of Multiprocessor Programming},
    author = {Maurice Herlihy, Nir Shavit},
    isbn = {978-0-12-370591-4},
    series = {},
    year = {2008},
    publisher = {Elsevier Inc.},
    keywords = {}
}

@inproceedings{abq,
 author = {Discolo, Anthony and Harris, Tim and Marlow, Simon and Jones, Simon Peyton and Singh, Satnam},
 title = {Lock Free Data Structures Using STM in Haskell},
 booktitle = {Proceedings of the 8th International Conference on Functional and Logic Programming},
 series = {FLOPS'06},
 year = {2006},
 isbn = {3-540-33438-6, 978-3-540-33438-5},
 location = {Fuji-Susono, Japan},
 pages = {65--80},
 numpages = {16},
 url = {http://dx.doi.org/10.1007/11737414_6},
 doi = {10.1007/11737414_6},
 acmid = {2100080},
 publisher = {Springer-Verlag},
 address = {Berlin, Heidelberg},
}

@article{linked-list,
 author = {Sulzmann, Martin and Lam, Edmund S.L. and Marlow, Simon},
 title = {Comparing the Performance of Concurrent Linked-list Implementations in Haskell},
 journal = {SIGPLAN Not.},
 issue_date = {May 2009},
 volume = {44},
 number = {5},
 month = oct,
 year = {2009},
 issn = {0362-1340},
 pages = {11--20},
 numpages = {10},
 url = {http://doi.acm.org/10.1145/1629635.1629643},
 doi = {10.1145/1629635.1629643},
 acmid = {1629643},
 publisher = {ACM},
 address = {New York, NY, USA},
}

@article{ebs,
    author = "",
    title = "",
    journal = "",
    volume = "",
    number = "",
    pages = "",
    year = "",
    DOI = "",
    keywords = ""
}

@online{threadDelay,
    author = "",
    title = "Control.Concurrent",
    url  = "https://hackage.haskell.org/package/base-4.12.0.0/docs/Control-Concurrent.html",
    addendum = "",
    keywords = ""
}

@online{asr-java,
    title = "AtomicStampedReference (Java Platform SE 7)",
    url = "https://docs.oracle.com/javase/7/docs/api/java/util/concurrent/atomic/AtomicStampedReference.html"
}

@online{haskell-timing,
    author = "",
    title = "",
    url  = "",
    addendum = "",
    keywords = ""
}

